@Book{ kitaev1,
	title = "Patterns in permutations and words",
	author = "Sergey Kitaev",
	publisher = "Springer",
	year = "2011"
}

@Book{ KnuthVol1,
	title = "The art of computer programming",
	author = "Donald E. Knuth",
	publisher = "Addison-Wesley",
	address = "Reading, Massachusetts",
	volume = "1",
	year = "1968"
}

@Book{ KnuthVol3,
	title = "The art of computer programming",
	author = "Donald E. Knuth",
	publisher = "Addison-Wesley",
	address = "Reading, Massachusetts",
	volume = "3",
	year = "1973"
}

@Book {DiscMathsRosen,
	title = "Discrete Mathematics and its Applicatons",
	author = "Kenneth H. Rosen",
	publisher = "McGraw-Hill College",
	year = "2012"
}

@Article{ BonaStackSort,
	title = "A survey of stack-sorting disciplines",
	author = "Mikl{\'o}s B{\'o}na",
	journal = "The Electronic Journal of Combinatorics",
	year = "2003",
	pages = "1--16",
	volume = "9",
	number = "2"
}

@Article{ YoungTableauxShirek,
	title = "Standard Young Tableaux of Shape (n,n)",
	author = "Jack Shirek",
	journal = "Macalester Journal of Catalan Numbers",
	year = "2009",
	pages = "29--31",
	volume = "1"
}

@article{Rotem1981185,
	title = "Stack sortable permutations",
	journal = "Discrete Mathematics",
	volume = "33",
	number = "2",
	pages = "185 - 196",
	year = "1981",
	note = "",
	issn = "0012-365X",
	doi = "10.1016/0012-365X(81)90165-5",
	url = "http://www.sciencedirect.com/science/article/pii/0012365X81901655",
	author = "D. Rotem"
}
@MISC { CataNumDavies,
	title = "Catalan Numbers",
	author = "Tom Davies",
	howpublished = {\url{http://www.geometer.org/mathcircles/catalan.pdf}},
	year = "2006"
}
@InProceedings{ McShine_onThe,
	author = "Lisa McShine and Prasad Tetali",
	title = "On the Mixing Time of the Triangulation Walk and other Catalan Structures",
	booktitle = "Randomization Methods in Algorithm Design",
	year = "1999",
	editor = "Panos Pardalos and Sanguthevar Rajasekaran",
	volume = "43",
	series = "DIMACS Series in Discrete Mathematics and Theoretical Computer Science",
	organization = "American Mathematics Society"
}

@Book{ PermPatWord,
	author = "Sergey Kitaev",
	title = "Permutations in Patterns and Words",
	publisher = "Springer",
	year = "2011",
	series = "Monographs in Theoretical Computer Science. An EATCS Series"
}

@MISC{ Clae01,
	author = "Anders Claesson and Sergey Kitaev",
	title = "CLASSIFICATION OF BIJECTIONS BETWEEN 321- AND 132-AVOIDING PERMUTATIONS",
	year = "2008"
}

@MISC{ patons02git,
	author = "Stuart Paton",
	title = "catalan-structures. Last accessed 28 February 2013.",
	year = "2013",
	howpublished={\url{https://www.github.com/patons02/catalan-structures}}
}

@MISC{ ClaessonSym,
	author = "Anders Claesson",
	title = "sym. Last accessed 28 February 2013.",
	year = "2013",
	howpublished={\url{https://www.github.com/akc/sym}}
}

@MISC{ ClaessonSymPlot,
	author = "Anders Claesson",
	title = "sym-plot. Last accessed 28 February 2013.",
	year = "2013",
	howpublished={\url{https://www.github.com/akc/sym-plot}}
}

@MISC{ Glade,
	author = "The Glade Project",
	title = "Glade",
	howpublished = {\url{http://glade.gnome.org/}}
}

@MISC{ Gloss,
	author = "The Gloss Development Team",
	title = "Gloss",
	howpublished = {\url{http://gloss.ouroborus.net/}}
}

@MISC{oeisA000085,
	AUTHOR={N. J. A. Sloane and J. H. Conway},
	TITLE={The {O}n-{L}ine {E}ncyclopedia of {I}nteger {S}equences},
	HOWPUBLISHED={\href{http://oeis.org/A000085}{A000085}},
	MONTH={},
	YEAR={},
	NOTE={Number of self-inverse permutations on n letters, also known as involutions; number of Young tableaux with n cells.}
}

@MISC{StackLim,
	author = "Cong Han Lim",
	title = "Brief Introduction on Stack Sorting",
	year = "2007"
}
