@InProceedings{ McShine_onThe,
	author = "Lisa McShine and Prasad Tetali",
	title = "On the Mixing Time of the Triangulation Walk and other Catalan Structures",
	booktitle = "Randomization Methods in Algorithm Design",
	year = "1999",
	editor = "Panos Pardalos and Sanguthevar Rajasekaran",
	volume = "43",
	series = "DIMACS Series in Discrete Mathematics and Theoretical Computer Science",
	organization = "American Mathematics Society"
}

@Unpublished{ DavisCNum,
	title = "Catalan Numbers",
	author = "Tom Davis",
	month = nov,
	year = "2006",
	note = "A paper on the equivilance of structures involving the Catalan Numbers"
}

@Article{ BonaStackSort,
	title = "A survey of stack-sorting disciplines",
	author = "Mikl{\'o}s B{\'o}na",
	journal = "The Electronic Journal of Combinatorics",
	year = "2003",
	pages = "1--16",
	volume = "9",
	number = "2"
}

@Book{ KnuthVol1,
	title = "The art of computer programming",
	author = "Donald E. Knuth",
	publisher = "Addison-Wesley",
	address = "Reading, Massachusetts",
	volume = "1",
	year = "1973"
}

@Book{ StanleyEnum2,
	title = "Enumerative Combinatorics",
	series = "Cambridge Studies in Advanced Mathematics",
	author = "Richard P. Stanley",
	publisher = "Cambridge University Press",
	volume = "2",
	year = "1999"
}

