@MISC{Clae01,
    author = "Anders Claesson and Sergey Kitaev",
    title = "CLASSIFICATION OF BIJECTIONS BETWEEN 321- AND 132-AVOIDING PERMUTATIONS",
    year = "2008"
}

@MISC{patons02git,
author = {Paton, Stuart},
title = {catalan-structures. Last accessed 28 February 2013.},
year = {2013},
howpublished={\url{https://www.github.com/patons02/catalan-structures}}
}

@MISC{ClaeSym,
author = {Claesson, Anders},
title = {sym. Last accessed 28 February 2013.},
year = {2013},
howpublished={\url{https://www.github.com/akc/sym}}
}

@MISC{ClaeSymPlot,
author = {Claesson, Anders},
title = {sym-plot. Last accessed 28 February 2013.},
year = {2013},
howpublished={\url{https://www.github.com/akc/sym-plot}}
}
