@Book{ kitaev1,
	title = "Patterns in permutations and words",
	author = "Sergey Kitaev",
	publisher = "Springer",
	year = "2011"
}

@Book{ KnuthVol1,
	title = "The art of computer programming",
	author = "Donald E. Knuth",
	publisher = "Addison-Wesley",
	address = "Reading, Massachusetts",
	volume = "1",
	year = "1968"
}

@Book{ KnuthVol3,
	title = "The art of computer programming",
	author = "Donald E. Knuth",
	publisher = "Addison-Wesley",
	address = "Reading, Massachusetts",
	volume = "3",
	year = "1973"
}

@Article{ BonaStackSort,
	title = "A survey of stack-sorting disciplines",
	author = "Mikl{\'o}s B{\'o}na",
	journal = "The Electronic Journal of Combinatorics",
	year = "2003",
	pages = "1--16",
	volume = "9",
	number = "2"
}

@InProceedings{ McShine_onThe,
	author = "Lisa McShine and Prasad Tetali",
	title = "On the Mixing Time of the Triangulation Walk and other Catalan Structures",
	booktitle = "Randomization Methods in Algorithm Design",
	year = "1999",
	editor = "Panos Pardalos and Sanguthevar Rajasekaran",
	volume = "43",
	series = "DIMACS Series in Discrete Mathematics and Theoretical Computer Science",
	organization = "American Mathematics Society"
}

@Book{ PermPatWord,
	author = "Sergey Kitaev",
	title = "Permutations in Patterns and Words",
	publisher = "Springer",
	year = "2011",
	series = "Monographs in Theoretical Computer Science. An EATCS Series"
}

@MISC{ Clae01,
	author = "Anders Claesson and Sergey Kitaev",
	title = "CLASSIFICATION OF BIJECTIONS BETWEEN 321- AND 132-AVOIDING PERMUTATIONS",
	year = "2008"
}

@MISC{ patons02git,
	author = "Stuart Paton",
	title = "catalan-structures. Last accessed 28 February 2013.",
	year = "2013",
	howpublished={\url{https://www.github.com/patons02/catalan-structures}}
}

@MISC{ ClaessonSym,
	author = "Anders Claesson",
	title = "sym. Last accessed 28 February 2013.",
	year = "2013",
	howpublished={\url{https://www.github.com/akc/sym}}
}

@MISC{ ClaessonSymPlot,
	author = "Anders Claesson",
	title = "sym-plot. Last accessed 28 February 2013.",
	year = "2013",
	howpublished={\url{https://www.github.com/akc/sym-plot}}
}

@MISC{ Glade,
	author = "The Glade Project",
	title = "Glade",
	howpublished = {\url{http://glade.gnome.org/}}
}

@MISC{oeisA000085,
	AUTHOR={N. J. A. Sloane and J. H. Conway},
	TITLE={The {O}n-{L}ine {E}ncyclopedia of {I}nteger {S}equences},
	HOWPUBLISHED={\href{http://oeis.org/A000085}{A000085}},
	MONTH={},
	YEAR={},
	NOTE={Number of self-inverse permutations on n letters, also known as involutions; number of Young tableaux with n cells.}
}
